<record><leader>00000cas a2200000 a 4500</leader><controlfield tag="001">12961080</controlfield><controlfield tag="008">851231d18961982aruwr ne      0    0eng d</controlfield><datafield ind1=" " ind2=" " tag="010"><subfield code="a">sn 85032974 </subfield></datafield><datafield ind1=" " ind2=" " tag="040"><subfield code="a">KSH</subfield><subfield code="b">eng</subfield><subfield code="c">KSH</subfield><subfield code="d">NPT</subfield><subfield code="d">PPM</subfield><subfield code="d">ANU</subfield><subfield code="d">OCL</subfield><subfield code="d">OCLCQ</subfield></datafield><datafield ind1=" " ind2=" " tag="042"><subfield code="a">msc</subfield></datafield><datafield ind1="0" ind2="4" tag="245"><subfield code="a">The Morrilton Democrat.</subfield></datafield><datafield ind1="3" ind2="0" tag="246"><subfield code="a">Morrilton Democrat-Perry County news</subfield></datafield><datafield ind1="3" ind2="0" tag="246"><subfield code="a">Weekly Morrilton Democrat</subfield></datafield><datafield ind1=" " ind2=" " tag="260"><subfield code="a">Morrilton, Ark. :</subfield><subfield code="b">C.E. Cruce</subfield></datafield><datafield ind1=" " ind2=" " tag="300"><subfield code="a">v. :</subfield><subfield code="b">ill. ;</subfield><subfield code="c">61 cm.</subfield></datafield><datafield ind1=" " ind2=" " tag="310"><subfield code="a">Weekly,</subfield><subfield code="b">Nov. 5, 1980-Feb. 24, 1982</subfield></datafield><datafield ind1=" " ind2=" " tag="321"><subfield code="a">Weekly,</subfield><subfield code="b">&lt;Sept. 23, 1898&gt;-Apr. 25, 1929</subfield></datafield><datafield ind1=" " ind2=" " tag="321"><subfield code="a">Semiweekly,</subfield><subfield code="b">May 2, 1929-Oct. 3, 1930</subfield></datafield><datafield ind1=" " ind2=" " tag="321"><subfield code="a">Weekly,</subfield><subfield code="b">Oct. 10, 1930-Aug. 23, 1979</subfield></datafield><datafield ind1=" " ind2=" " tag="321"><subfield code="a">Semiweekly,</subfield><subfield code="b">Aug. 26, 1979-Nov. 2, 1980</subfield></datafield><datafield ind1="1" ind2=" " tag="362"><subfield code="a">Began in 1896.</subfield></datafield><datafield ind1="0" ind2=" " tag="362"><subfield code="a">-86/8 (Feb. 24, 1982).</subfield></datafield><datafield ind1=" " ind2=" " tag="500"><subfield code="a">Published as: Morrilton Democrat-Perry County News, Nov. 5, 1980-Mar. 11, 1981; and as: Weekly Morrilton Democrat, Nov. 4-Dec. 9, 1981.</subfield></datafield><datafield ind1=" " ind2=" " tag="515"><subfield code="a">Numbering is irregular.</subfield></datafield><datafield ind1=" " ind2=" " tag="588"><subfield code="a">Description based on: Vol. 3, no. 29 (Sept. 23, 1898).</subfield></datafield><datafield ind1=" " ind2="4" tag="651"><subfield code="a">Morrilton (Ark.)</subfield><subfield code="v">Newspapers.</subfield></datafield><datafield ind1=" " ind2="4" tag="651"><subfield code="a">Conway County (Ark.)</subfield><subfield code="v">Newspapers.</subfield></datafield><datafield ind1=" " ind2=" " tag="752"><subfield code="a">United States</subfield><subfield code="b">Arkansas</subfield><subfield code="c">Conway</subfield><subfield code="d">Morrilton.</subfield></datafield><datafield ind1="0" ind2="5" tag="780"><subfield code="t">Perry County news</subfield><subfield code="w">(DLC)sn 89051125</subfield></datafield><datafield ind1="0" ind2="5" tag="785"><subfield code="t">Petit Jean country headlight (Perryville, Ark.)</subfield><subfield code="w">(DLC)sn 91050099</subfield></datafield><datafield ind1="0" ind2="5" tag="785"><subfield code="t">Petit Jean country headlight (Morrilton, Ark. : 1973)</subfield><subfield code="w">(DLC)sn 91050115</subfield></datafield><datafield ind1="1" ind2=" " tag="029"><subfield code="a">AU@</subfield><subfield code="b">000022167939</subfield></datafield></record>